@book{cazzaniga2024gen,
  title={Gen-ai: Artificial intelligence and the future of work},
  author={Cazzaniga, Mauro and Jaumotte, Ms Florence and Li, Longji and Melina, Mr Giovanni and Panton, Augustus J and Pizzinelli, Carlo and Rockall, Emma J and Tavares, Ms Marina Mendes},
  year={2024},
  publisher={International Monetary Fund}
}
@inproceedings{zhang2024llama,
  title={LLaMA-adapter: Efficient fine-tuning of large language models with zero-initialized attention},
  author={Zhang, Renrui and Han, Jiaming and Liu, Chris and Zhou, Aojun and Lu, Pan and Qiao, Yu and Li, Hongsheng and Gao, Peng},
  booktitle={The Twelfth International Conference on Learning Representations},
  year={2024}
}
@article{lin2024data,
  title={Data-efficient Fine-tuning for LLM-based Recommendation},
  author={Lin, Xinyu and Wang, Wenjie and Li, Yongqi and Yang, Shuo and Feng, Fuli and Wei, Yinwei and Chua, Tat-Seng},
  journal={arXiv preprint arXiv:2401.17197},
  year={2024}
}
@article{church2021emerging,
  title={Emerging trends: A gentle introduction to fine-tuning},
  author={Church, Kenneth Ward and Chen, Zeyu and Ma, Yanjun},
  journal={Natural Language Engineering},
  volume={27},
  number={6},
  pages={763--778},
  year={2021},
  publisher={Cambridge University Press}
}
@inproceedings{kustikova2019intel,
  title={Intel distribution of OpenVINO toolkit: a case study of semantic segmentation},
  author={Kustikova, Valentina and Vasiliev, Evgeny and Khvatov, Alexander and Kumbrasiev, Pavel and Vikhrev, Ivan and Utkin, Konstantin and Dudchenko, Anton and Gladilov, Gleb},
  booktitle={Analysis of Images, Social Networks and Texts: 8th International Conference, AIST 2019, Kazan, Russia, July 17--19, 2019, Revised Selected Papers 8},
  pages={11--23},
  year={2019},
  organization={Springer}
}
